{
  "leader": "02738cam a2200541 a 4500",
  "fields": [
    {
      "001": "ocm21337680\\"
    },
    {
      "003": "OCoLC"
    },
    {
      "005": "20220106152300.0"
    },
    {
      "008": "900315s1990\\\\\\\\nyua\\\\\\\\\\b\\\\\\\\001\\0\\eng\\\\"
    },
    {
      "010": {
        "ind1": "\\",
        "ind2": "\\",
        "subfields": [
          {
            "a": "   90008372 "
          }
        ]
      }
    },
    {
      "040": {
        "ind1": "\\",
        "ind2": "\\",
        "subfields": [
          {
            "a": "DLC"
          },
          {
            "b": "eng"
          },
          {
            "c": "DLC"
          },
          {
            "d": "MUQ"
          },
          {
            "d": "NLGGC"
          },
          {
            "d": "BTCTA"
          },
          {
            "d": "YDXCP"
          },
          {
            "d": "BAKER"
          },
          {
            "d": "DEBBG"
          },
          {
            "d": "BDX"
          },
          {
            "d": "OCLCF"
          },
          {
            "d": "DEBSZ"
          },
          {
            "d": "OCLCO"
          },
          {
            "d": "AU@"
          },
          {
            "d": "LIP"
          },
          {
            "d": "OCLCO"
          },
          {
            "d": "XFF"
          },
          {
            "d": "OCLCO"
          },
          {
            "d": "OCLCQ"
          },
          {
            "d": "CSJ"
          },
          {
            "d": "OCLCO"
          },
          {
            "d": "OCLCQ"
          },
          {
            "d": "NKM"
          },
          {
            "d": "OCLCO"
          },
          {
            "d": "BUF"
          },
          {
            "d": "OCLCO"
          },
          {
            "d": "L2U"
          },
          {
            "d": "P{dollar}H"
          },
          {
            "d": "OCLCO"
          }
        ]
      }
    },
    {
      "019": {
        "ind1": "\\",
        "ind2": "\\",
        "subfields": [
          {
            "a": "926743075"
          },
          {
            "a": "988404044"
          }
        ]
      }
    },
    {
      "020": {
        "ind1": "\\",
        "ind2": "\\",
        "subfields": [
          {
            "a": "0871548909"
          }
        ]
      }
    },
    {
      "020": {
        "ind1": "\\",
        "ind2": "\\",
        "subfields": [
          {
            "a": "9780871548900"
          }
        ]
      }
    },
    {
      "035": {
        "ind1": "\\",
        "ind2": "\\",
        "subfields": [
          {
            "a": "(OCoLC)21337680"
          },
          {
            "z": "(OCoLC)926743075"
          },
          {
            "z": "(OCoLC)988404044"
          }
        ]
      }
    },
    {
      "043": {
        "ind1": "\\",
        "ind2": "\\",
        "subfields": [
          {
            "a": "n-us---"
          }
        ]
      }
    },
    {
      "050": {
        "ind1": "0",
        "ind2": "0",
        "subfields": [
          {
            "a": "H62"
          },
          {
            "b": ".F88 1990"
          }
        ]
      }
    },
    {
      "082": {
        "ind1": "0",
        "ind2": "0",
        "subfields": [
          {
            "a": "300.72"
          },
          {
            "b": "FUT"
          }
        ]
      }
    },
    {
      "245": {
        "ind1": "0",
        "ind2": "4",
        "subfields": [
          {
            "a": "The Future of meta-analysis /"
          },
          {
            "c": "Kenneth W. Wachter and Miron L. Straf, editors."
          }
        ]
      }
    },
    {
      "260": {
        "ind1": "\\",
        "ind2": "\\",
        "subfields": [
          {
            "a": "New York :"
          },
          {
            "b": "Russell Sage Foundation,"
          },
          {
            "c": "\u00a91990."
          }
        ]
      }
    },
    {
      "300": {
        "ind1": "\\",
        "ind2": "\\",
        "subfields": [
          {
            "a": "xxviii, 210 pages :"
          },
          {
            "b": "ill. ;"
          },
          {
            "c": "24 cm"
          }
        ]
      }
    },
    {
      "336": {
        "ind1": "\\",
        "ind2": "\\",
        "subfields": [
          {
            "a": "text"
          },
          {
            "b": "txt"
          },
          {
            "2": "rdacontent"
          }
        ]
      }
    },
    {
      "337": {
        "ind1": "\\",
        "ind2": "\\",
        "subfields": [
          {
            "a": "unmediated"
          },
          {
            "b": "n"
          },
          {
            "2": "rdamedia"
          }
        ]
      }
    },
    {
      "338": {
        "ind1": "\\",
        "ind2": "\\",
        "subfields": [
          {
            "a": "volume"
          },
          {
            "b": "nc"
          },
          {
            "2": "rdacarrier"
          }
        ]
      }
    },
    {
      "500": {
        "ind1": "\\",
        "ind2": "\\",
        "subfields": [
          {
            "a": "Workshop on the Future of Meta-Analysis, convened in October 1986 by the Committee on National Statistics (CNSTAT) of the National Research Council."
          }
        ]
      }
    },
    {
      "504": {
        "ind1": "\\",
        "ind2": "\\",
        "subfields": [
          {
            "a": "Includes bibliographical references (pages 191-202) and index."
          }
        ]
      }
    },
    {
      "505": {
        "ind1": "0",
        "ind2": "\\",
        "subfields": [
          {
            "a": "Prospects -- Case study: The effects of rehabilitation therapy for Aphasia -- Case study: The effects of school desegregation on the academic achievement of black children -- Vantage points -- Where do we go from here?"
          }
        ]
      }
    },
    {
      "546": {
        "ind1": "\\",
        "ind2": "\\",
        "subfields": [
          {
            "a": "In English."
          }
        ]
      }
    },
    {
      "650": {
        "ind1": "\\",
        "ind2": "0",
        "subfields": [
          {
            "a": "Social sciences"
          },
          {
            "x": "Research"
          },
          {
            "x": "Evaluation."
          }
        ]
      }
    },
    {
      "650": {
        "ind1": "\\",
        "ind2": "0",
        "subfields": [
          {
            "a": "Meta-analysis."
          }
        ]
      }
    },
    {
      "650": {
        "ind1": "\\",
        "ind2": "0",
        "subfields": [
          {
            "a": "School integration"
          },
          {
            "z": "United States"
          },
          {
            "v": "Case studies."
          }
        ]
      }
    },
    {
      "650": {
        "ind1": "\\",
        "ind2": "0",
        "subfields": [
          {
            "a": "Aphasic persons"
          },
          {
            "x": "Rehabilitation"
          },
          {
            "v": "Case studies."
          }
        ]
      }
    },
    {
      "650": {
        "ind1": "\\",
        "ind2": "7",
        "subfields": [
          {
            "a": "Aphasic persons"
          },
          {
            "x": "Rehabilitation."
          },
          {
            "2": "fast"
          },
          {
            "0": "(OCoLC)fst00811296"
          }
        ]
      }
    },
    {
      "650": {
        "ind1": "\\",
        "ind2": "7",
        "subfields": [
          {
            "a": "Meta-analysis."
          },
          {
            "2": "fast"
          },
          {
            "0": "(OCoLC)fst01017463"
          }
        ]
      }
    },
    {
      "650": {
        "ind1": "\\",
        "ind2": "7",
        "subfields": [
          {
            "a": "School integration."
          },
          {
            "2": "fast"
          },
          {
            "0": "(OCoLC)fst01107474"
          }
        ]
      }
    },
    {
      "650": {
        "ind1": "\\",
        "ind2": "7",
        "subfields": [
          {
            "a": "Social sciences"
          },
          {
            "x": "Research"
          },
          {
            "x": "Evaluation."
          },
          {
            "2": "fast"
          },
          {
            "0": "(OCoLC)fst01122951"
          }
        ]
      }
    },
    {
      "651": {
        "ind1": "\\",
        "ind2": "7",
        "subfields": [
          {
            "a": "United States."
          },
          {
            "2": "fast"
          },
          {
            "0": "(OCoLC)fst01204155"
          }
        ]
      }
    },
    {
      "655": {
        "ind1": "\\",
        "ind2": "7",
        "subfields": [
          {
            "a": "Case studies."
          },
          {
            "2": "fast"
          },
          {
            "0": "(OCoLC)fst01423765"
          }
        ]
      }
    },
    {
      "700": {
        "ind1": "1",
        "ind2": "\\",
        "subfields": [
          {
            "a": "Wachter, Kenneth W."
          }
        ]
      }
    },
    {
      "700": {
        "ind1": "1",
        "ind2": "\\",
        "subfields": [
          {
            "a": "Straf, Miron L."
          }
        ]
      }
    },
    {
      "710": {
        "ind1": "2",
        "ind2": "\\",
        "subfields": [
          {
            "a": "National Research Council (U.S.)."
          },
          {
            "b": "Committee on National Statistics."
          }
        ]
      }
    },
    {
      "711": {
        "ind1": "2",
        "ind2": "\\",
        "subfields": [
          {
            "a": "Workshop on the Future of Meta-Analysis"
          },
          {
            "d": "(1986)"
          }
        ]
      }
    },
    {
      "856": {
        "ind1": "4",
        "ind2": "1",
        "subfields": [
          {
            "3": "Table of contents"
          },
          {
            "u": "http://digitool.hbz-nrw.de:1801/webclient/DeliveryManager?pid=1562200&custom_att_2=simple_viewer"
          }
        ]
      }
    },
    {
      "856": {
        "ind1": "4",
        "ind2": "2",
        "subfields": [
          {
            "3": "Contributor biographical information"
          },
          {
            "u": "http://catdir.loc.gov/catdir/enhancements/fy1602/90008372-b.html"
          }
        ]
      }
    },
    {
      "856": {
        "ind1": "4",
        "ind2": "2",
        "subfields": [
          {
            "3": "Publisher description"
          },
          {
            "u": "http://catdir.loc.gov/catdir/enhancements/fy1602/90008372-d.html"
          }
        ]
      }
    },
    {
      "994": {
        "ind1": "\\",
        "ind2": "\\",
        "subfields": [
          {
            "a": "Z0"
          },
          {
            "b": "NYRVC"
          }
        ]
      }
    },
    {
      "948": {
        "ind1": "\\",
        "ind2": "\\",
        "subfields": [
          {
            "h": "NO HOLDINGS IN NYRVC - 303 OTHER HOLDINGS"
          }
        ]
      }
    },
    {
      "999": {
        "ind1": "\\",
        "ind2": "\\",
        "subfields": [
          {
            "a": "00000000015137"
          }
        ]
      }
    }
  ]
}